@article{poli1993use,
  title={On the use of the normalized mean square error in evaluating dispersion model performance},
  author={Poli, Attilio A and Cirillo, Mario C},
  journal={Atmospheric Environment. Part A. General Topics},
  volume={27},
  number={15},
  pages={2427--2434},
  year={1993},
  publisher={Elsevier}
}

@article{chang2004air,
	title={Air quality model performance evaluation},
	author={Chang, Joseph C and Hanna, Steven R},
	journal={Meteorology and Atmospheric Physics},
	volume={87},
	number={1},
	pages={167--196},
	year={2004},
	publisher={Springer}
}
